@INPROCEEDINGS{Pepe2010,
       author = {{Pepe}, Francesco A. and others},
        title = "{ESPRESSO: the Echelle spectrograph for rocky exoplanets and stable spectroscopic observations}",
    booktitle = {Ground-based and Airborne Instrumentation for Astronomy III},
         year = "2010",
       series = {Society of Photo-Optical Instrumentation Engineers (SPIE) Conference Series},
       volume = {7735},
        month = "Jul",
          eid = {77350F},
        pages = {77350F},
          doi = {10.1117/12.857122},
       adsurl = {https://ui.adsabs.harvard.edu/abs/2010SPIE.7735E..0FP},
      adsnote = {Provided by the SAO/NASA Astrophysics Data System}
}

@INPROCEEDINGS{Jurgenson2016,
       author = {{Jurgenson}, C. and {Fischer}, D. and {McCracken}, T. and {Sawyer}, D. and
         {Szymkowiak}, A. and {Davis}, A. and {Muller}, G. and {Santoro}, F.},
        title = "{EXPRES: a next generation RV spectrograph in the search for earth-like worlds}",
     keywords = {Astrophysics - Instrumentation and Methods for Astrophysics},
    booktitle = {Ground-based and Airborne Instrumentation for Astronomy VI},
         year = "2016",
       series = {Society of Photo-Optical Instrumentation Engineers (SPIE) Conference Series},
       volume = {9908},
        month = "Aug",
          eid = {99086T},
        pages = {99086T},
          doi = {10.1117/12.2233002},
archivePrefix = {arXiv},
       eprint = {1606.04413},
 primaryClass = {astro-ph.IM},
       adsurl = {https://ui.adsabs.harvard.edu/abs/2016SPIE.9908E..6TJ},
      adsnote = {Provided by the SAO/NASA Astrophysics Data System}
}

@INPROCEEDINGS{espresso-eprv4,
title= "{ESPRESSO}",
author = {{Pepe}, Francesco A.},
year = {2019},
booktitle = {Extreme Precision Radial Velocities IV conference},
series = {https://indico.cern.ch/event/743355/contributions/3320596/},
}

@INPROCEEDINGS{expres-eprv4,
title= "{EXPRES}",
author = {{Zhao}, Lily},
year = {2019},
booktitle = {Extreme Precision Radial Velocities IV conference},
series = {https://indico.cern.ch/event/743355/contributions/3320599/},
}

@ARTICLE{Bedell2019,
       author = {{Bedell}, Megan and {Hogg}, David W. and {Foreman-Mackey}, Daniel and
         {Montet}, Benjamin T. and {Luger}, Rodrigo},
        title = "{Wobble: a data-driven method for precision radial velocities}",
      journal = {arXiv e-prints},
     keywords = {Astrophysics - Instrumentation and Methods for Astrophysics, Astrophysics - Earth and Planetary Astrophysics, Astrophysics - Solar and Stellar Astrophysics},
         year = "2019",
        month = "Jan",
          eid = {arXiv:1901.00503},
        pages = {arXiv:1901.00503},
archivePrefix = {arXiv},
       eprint = {1901.00503},
 primaryClass = {astro-ph.IM},
       adsurl = {https://ui.adsabs.harvard.edu/abs/2019arXiv190100503B},
      adsnote = {Provided by the SAO/NASA Astrophysics Data System}
}

@ARTICLE{Bedell2014,
       author = {{Bedell}, Megan and {Mel{\'e}ndez}, Jorge and {Bean}, Jacob L. and
         {Ram{\'\i}rez}, Ivan and {Leite}, Paulo and {Asplund}, Martin},
        title = "{Stellar Chemical Abundances: In Pursuit of the Highest Achievable Precision}",
      journal = {ApJ},
     keywords = {stars: abundances, stars: fundamental parameters, techniques: spectroscopic, Astrophysics - Solar and Stellar Astrophysics, Astrophysics - Earth and Planetary Astrophysics},
         year = "2014",
        month = "Nov",
       volume = {795},
       number = {1},
          eid = {23},
        pages = {23},
          doi = {10.1088/0004-637X/795/1/23},
archivePrefix = {arXiv},
       eprint = {1409.1230},
 primaryClass = {astro-ph.SR},
       adsurl = {https://ui.adsabs.harvard.edu/abs/2014ApJ...795...23B},
      adsnote = {Provided by the SAO/NASA Astrophysics Data System}
}

@ARTICLE{Bedell2018,
       author = {{Bedell}, Megan and others},
        title = "{The Chemical Homogeneity of Sun-like Stars in the Solar Neighborhood}",
      journal = {ApJ},
     keywords = {planets and satellites: general, stars: abundances, stars: solar-type, Sun: abundances, techniques: spectroscopic, Astrophysics - Solar and Stellar Astrophysics, Astrophysics - Earth and Planetary Astrophysics},
         year = "2018",
        month = "Sep",
       volume = {865},
       number = {1},
          eid = {68},
        pages = {68},
          doi = {10.3847/1538-4357/aad908},
archivePrefix = {arXiv},
       eprint = {1802.02576},
 primaryClass = {astro-ph.SR},
       adsurl = {https://ui.adsabs.harvard.edu/abs/2018ApJ...865...68B},
      adsnote = {Provided by the SAO/NASA Astrophysics Data System}
}

@ARTICLE{Plavchan2018,
       author = {{Plavchan}, Peter and others},
        title = "{EarthFinder: A Precise Radial Velocity Probe Mission Concept For the Detection of Earth-Mass Planets Orbiting Sun-like Stars}",
      journal = {arXiv e-prints},
     keywords = {Astrophysics - Instrumentation and Methods for Astrophysics, Astrophysics - Earth and Planetary Astrophysics, Astrophysics - Solar and Stellar Astrophysics},
         year = "2018",
        month = "Mar",
          eid = {arXiv:1803.03960},
        pages = {arXiv:1803.03960},
archivePrefix = {arXiv},
       eprint = {1803.03960},
 primaryClass = {astro-ph.IM},
       adsurl = {https://ui.adsabs.harvard.edu/abs/2018arXiv180303960P},
      adsnote = {Provided by the SAO/NASA Astrophysics Data System}
}

@ARTICLE{Chaplin2019,
       author = {{Chaplin}, W.~J. and {Cegla}, H.~M. and {Watson}, C.~A. and
         {Davies}, G.~R. and {Ball}, W.~H.},
        title = "{Filtering Solar-Like Oscillations for Exoplanet Detection in Radial Velocity Observations}",
      journal = {\aj},
     keywords = {planets and satellites: detection, stars: low-mass, stars: oscillations, Astrophysics - Solar and Stellar Astrophysics, Astrophysics - Earth and Planetary Astrophysics},
         year = "2019",
        month = "Apr",
       volume = {157},
       number = {4},
          eid = {163},
        pages = {163},
          doi = {10.3847/1538-3881/ab0c01},
archivePrefix = {arXiv},
       eprint = {1903.00657},
 primaryClass = {astro-ph.SR},
       adsurl = {https://ui.adsabs.harvard.edu/abs/2019AJ....157..163C},
      adsnote = {Provided by the SAO/NASA Astrophysics Data System}
}

@ARTICLE{Medina2018,
       author = {{Medina}, A.~A. and {Johnson}, J.~A. and {Eastman}, J.~D. and
         {Cargile}, P.~A.},
        title = "{Techniques for Finding Close-in, Low-mass Planets around Evolved Intermediate-mass Stars}",
      journal = {\apj},
     keywords = {asteroseismology, stars: individual: {\ensuremath{\gamma}} Cep, techniques: radial velocities, Astrophysics - Solar and Stellar Astrophysics, Astrophysics - Earth and Planetary Astrophysics},
         year = "2018",
        month = "Nov",
       volume = {867},
       number = {1},
          eid = {32},
        pages = {32},
          doi = {10.3847/1538-4357/aadf82},
archivePrefix = {arXiv},
       eprint = {1811.02077},
 primaryClass = {astro-ph.SR},
       adsurl = {https://ui.adsabs.harvard.edu/abs/2018ApJ...867...32M},
      adsnote = {Provided by the SAO/NASA Astrophysics Data System}
}

@ARTICLE{Bouchy2003,
       author = {{Bouchy}, Fran{\c{c}}ois and {Carrier}, Fabien},
        title = "{Present Observational Status of Solar-type stars}",
      journal = {Ap\&SS},
         year = "2003",
        month = "Jan",
       volume = {284},
       number = {1},
        pages = {21-28},
       adsurl = {https://ui.adsabs.harvard.edu/abs/2003Ap&SS.284...21B},
      adsnote = {Provided by the SAO/NASA Astrophysics Data System}
}

@ARTICLE{Butler1996,
       author = {{Butler}, R.~P. and {Marcy}, G.~W. and {Williams}, E. and
         {McCarthy}, C. and {Dosanjh}, P. and {Vogt}, S.~S.},
        title = "{Attaining Doppler Precision of 3 M s-1}",
      journal = {\pasp},
     keywords = {TECHNIQUES: SPECTROSCOPIC},
         year = "1996",
        month = "Jun",
       volume = {108},
        pages = {500},
          doi = {10.1086/133755},
       adsurl = {https://ui.adsabs.harvard.edu/abs/1996PASP..108..500B},
      adsnote = {Provided by the SAO/NASA Astrophysics Data System}
}

@ARTICLE{Bouchy2001,
       author = {{Bouchy}, F. and {Pepe}, F. and {Queloz}, D.},
        title = "{Fundamental photon noise limit to radial velocity measurements}",
      journal = {\aap},
     keywords = {TECHNIQUES: RADIAL VELOCITIES, INSTRUMENTATION: SPECTROGRAPHS, STARS: OSCILLATIONS, STARS: PLANETARY SYSTEMS},
         year = "2001",
        month = "Aug",
       volume = {374},
        pages = {733-739},
          doi = {10.1051/0004-6361:20010730},
       adsurl = {https://ui.adsabs.harvard.edu/abs/2001A&A...374..733B},
      adsnote = {Provided by the SAO/NASA Astrophysics Data System}
}



